@INPROCEEDINGS{8406963,
  author={De Paola, Alessandra and Gaglio, Salvatore and Re, Giuseppe Lo and Morana, Marco},
  booktitle={IEEE INFOCOM 2018 - IEEE Conference on Computer Communications Workshops (INFOCOM WKSHPS)}, 
  title={A hybrid system for malware detection on big data}, 
  year={2018},
  volume={},
  number={},
  pages={45-50},
  doi={10.1109/INFCOMW.2018.8406963}}
  
  @inproceedings{wassermann2018bigmomal,
  title={BIGMOMAL: big data analytics for mobile malware detection},
  author={Wassermann, Sarah and Casas, Pedro},
  booktitle={Proceedings of the 2018 Workshop on Traffic Measurements for Cybersecurity},
  pages={33--39},
  year={2018}
}
@inproceedings{poudyal2019malware,
  title={Malware analytics: review of data mining, machine learning and big data perspectives},
  author={Poudyal, Subash and Akhtar, Zahid and Dasgupta, Dipankar and Gupta, Kishor Datta},
  booktitle={2019 IEEE Symposium Series on Computational Intelligence (SSCI)},
  pages={649--656},
  year={2019},
  organization={IEEE}
}


@misc{no_5,
  title={How Big Data Aids Cybersecurity},
  author={Ken Lynch}, howpublished = {\url{https://www.isaca.org/resources/news-and-trends/isaca-now-blog/2019/how-big-data-aids-cybersecurity}},
  note = {27 November 2019}
}
@misc{no_4,
  title={5 Promising Ways Big Data Deters Cybersecurity Threats},
  author={Aliha Tanveer }, 
  howpublished = {\url{https://dzone.com/articles/promising-ways-big-data-deters-cybersecurity-threats}},
  note = {04 August 2021}
}

@article{zhou2021rethinking,
  title={Rethinking the (CP) TPP as a model for regulation of Chinese state-owned enterprises},
  author={Zhou, Weihuan},
  journal={Journal of International Economic Law},
  volume={24},
  number={3},
  pages={572--590},
  year={2021},
  publisher={Oxford University Press UK}
}
@book{pustejovsky2012natural,
  title={Natural Language Annotation for Machine Learning: A guide to corpus-building for applications},
  author={Pustejovsky, James and Stubbs, Amber},
  year={2012},
  publisher={" O'Reilly Media, Inc."}
}

@article{baytiyeh2010volunteers,
  title={Volunteers in Wikipedia: Why the community matters},
  author={Baytiyeh, Hoda and Pfaffman, Jay},
  journal={Journal of Educational Technology \& Society},
  volume={13},
  number={2},
  pages={128--140},
  year={2010},
  publisher={JSTOR}
}
@article{bass1996multifactor,
  title={Multifactor leadership questionnaire},
  author={Bass, Bernard M and Avolio, Bruce J},
  journal={Western Journal of Nursing Research},
  year={1996}
}
@inproceedings{lin2019pattern,
  title={Pattern-based mining of opinions in q\&a websites},
  author={Lin, Bin and Zampetti, Fiorella and Bavota, Gabriele and Di Penta, Massimiliano and Lanza, Michele},
  booktitle={2019 IEEE/ACM 41st International Conference on Software Engineering (ICSE)},
  pages={548--559},
  year={2019},
  organization={IEEE}
}
@article{yukl1992theory,
  title={Theory and research on leadership in organizations.},
  author={Yukl, Gary and Van Fleet, David D},
  year={1992},
  publisher={Consulting Psychologists Press}
}
@inproceedings{zhu2012effectiveness,
  title={Effectiveness of shared leadership in online communities},
  author={Zhu, Haiyi and Kraut, Robert and Kittur, Aniket},
  booktitle={Proceedings of the ACM 2012 conference on Computer Supported Cooperative Work},
  pages={407--416},
  year={2012}
}
@inproceedings{lin2019pattern,
  title={Pattern-based mining of opinions in q\&a websites},
  author={Lin, Bin and Zampetti, Fiorella and Bavota, Gabriele and Di Penta, Massimiliano and Lanza, Michele},
  booktitle={2019 IEEE/ACM 41st International Conference on Software Engineering (ICSE)},
  pages={548--559},
  year={2019},
  organization={IEEE}
}
@article{eckert2019alone,
  title={Alone or Together? Inter-organizational affiliations of open source communities},
  author={Eckert, Remo and Stuermer, Matthias and Myrach, Thomas},
  journal={Journal of systems and software},
  volume={149},
  pages={250--262},
  year={2019},
  publisher={Elsevier}
}
@article{li2012leadership,
  title={Leadership characteristics and developersâ€™ motivation in open source software development},
  author={Li, Yan and Tan, Chuan-Hoo and Teo, Hock-Hai},
  journal={Information \& Management},
  volume={49},
  number={5},
  pages={257--267},
  year={2012},
  publisher={Elsevier}
}

@article{huang2022identifying,
  title={Identifying Emergent Leadership in OSS Projects Based on Communication Styles},
  author={Huang, Yuekai and Yang, Ye and Wang, Junjie and Zheng, Wei and Wang, Qing},
  journal={arXiv preprint arXiv:2201.11897},
  year={2022}
}